<?xml version="1.0" encoding="UTF-8"?>
<record xmlns="http://www.loc.gov/MARC21/slim" xmlns:xsi="http://www.w3.org/2001/XMLSchema-instance" xsi:schemaLocation="http://www.loc.gov/MARC21/slim http://www.loc.gov/standards/marcxml/schema/MARC21slim.xsd">
<leader>00000cam a22      i 4500</leader>
<controlfield tag="001">001676706</controlfield>
<controlfield tag="003">NNU</controlfield>
<controlfield tag="005">20160413155904.0</controlfield>
<controlfield tag="008">860925m19659999iq       c    000 0 arar</controlfield>
<datafield tag="010" ind1=" " ind2=" ">
<subfield code="a">   72223534</subfield>
</datafield>
<datafield tag="035" ind1=" " ind2=" ">
<subfield code="a">(OCoLC)14264100</subfield>
<subfield code="z">(OCoLC)505738600</subfield>
</datafield>
<datafield tag="040" ind1=" " ind2=" ">
<subfield code="a">DLC</subfield>
<subfield code="b">eng</subfield>
<subfield code="c">WAU</subfield>
<subfield code="d">WAU</subfield>
<subfield code="d">COO</subfield>
<subfield code="d">LOA</subfield>
<subfield code="d">IUL</subfield>
<subfield code="d">OCLCA</subfield>
<subfield code="d">OCLCQ</subfield>
<subfield code="d">OCLCF</subfield>
<subfield code="d">OCLCQ</subfield>
</datafield>
<datafield tag="043" ind1=" " ind2=" ">
<subfield code="a">a-iq---</subfield>
</datafield>
<datafield tag="050" ind1=" " ind2="4">
<subfield code="a">Z6623.R27</subfield>
<subfield code="b">A9 1965</subfield>
</datafield>
<datafield tag="100" ind1="1" ind2=" ">
<subfield code="6">880-01</subfield>
<subfield code="a">ʻAwwād, Kūrkīs.</subfield>
</datafield>
<datafield tag="245" ind1="1" ind2="0">
<subfield code="6">880-02</subfield>
<subfield code="a">Fihrist al-makhṭūṭāt al-ʻArabīyah fī khizānat Qāsim Muḥammad al-Rajab bi-Baghdād /</subfield>
<subfield code="c">bi-qalam Kūrkīs ʻAwwād.</subfield>
</datafield>
<datafield tag="260" ind1=" " ind2=" ">
<subfield code="6">880-03</subfield>
<subfield code="a">[Baghdād] :</subfield>
<subfield code="b">Maṭbaʻat al-Majmaʻ al-ʻIlmī al-ʻIrāqī,</subfield>
<subfield code="c">1965-</subfield>
</datafield>
<datafield tag="300" ind1=" " ind2=" ">
<subfield code="a">volumes ;</subfield>
<subfield code="c">25 cm.</subfield>
</datafield>
<datafield tag="336" ind1=" " ind2=" ">
<subfield code="a">text</subfield>
<subfield code="b">txt</subfield>
<subfield code="2">rdacontent</subfield>
</datafield>
<datafield tag="337" ind1=" " ind2=" ">
<subfield code="a">unmediated</subfield>
<subfield code="b">n</subfield>
<subfield code="2">rdamedia</subfield>
</datafield>
<datafield tag="338" ind1=" " ind2=" ">
<subfield code="a">volume</subfield>
<subfield code="b">nc</subfield>
<subfield code="2">rdacarrier</subfield>
</datafield>
<datafield tag="490" ind1="1" ind2=" ">
<subfield code="6">880-04</subfield>
<subfield code="a">Maṭbūʻāt al-Majmaʻ al-ʻIlmī al-ʻIrāqī</subfield>
</datafield>
<datafield tag="500" ind1=" " ind2=" ">
<subfield code="a">Vol. 1: "Muqtaṭaf min al-mujallad al-thānī ʻashar min Majallat al-Majmaʻ al-ʻIlmī al-ʻIrāqī"</subfield>
</datafield>
<datafield tag="500" ind1=" " ind2=" ">
<subfield code="a">Vol. 3 lacks series statement.</subfield>
</datafield>
<datafield tag="505" ind1="1" ind2=" ">
<subfield code="a">qism 1. al-Raqm 1-160 -- qism 3. al-Raqm 481-565.</subfield>
</datafield>
<datafield tag="650" ind1=" " ind2="0">
<subfield code="a">Manuscripts, Arabic</subfield>
<subfield code="z">Iraq</subfield>
<subfield code="z">Baghdad</subfield>
<subfield code="v">Catalogs.</subfield>
</datafield>
<datafield tag="650" ind1=" " ind2="7">
<subfield code="a">Manuscripts, Arabic.</subfield>
<subfield code="2">fast</subfield>
<subfield code="0">(OCoLC)fst01008278</subfield>
</datafield>
<datafield tag="651" ind1=" " ind2="7">
<subfield code="a">Iraq</subfield>
<subfield code="z">Baghdad.</subfield>
<subfield code="2">fast</subfield>
<subfield code="0">(OCoLC)fst01207444</subfield>
</datafield>
<datafield tag="655" ind1=" " ind2="7">
<subfield code="a">Catalogs.</subfield>
<subfield code="2">fast</subfield>
<subfield code="0">(OCoLC)fst01423692</subfield>
</datafield>
<datafield tag="700" ind1="1" ind2=" ">
<subfield code="6">880-05</subfield>
<subfield code="a">Rajab, Qāsim Muḥammad.</subfield>
</datafield>
<datafield tag="776" ind1="0" ind2="8">
<subfield code="i">Online version:</subfield>
<subfield code="a">ʻAwwād, Kūrkīs.</subfield>
<subfield code="t">Fihrist al-makhṭūṭāt al-ʻArabīyah fī khizānat Qāsim Muḥammad al-Rajab bi-Baghdād.</subfield>
<subfield code="d">[Baghdād] Maṭbaʻat al-Majmaʻ al-ʻIlmī al-ʻIrāqī, 1965-</subfield>
<subfield code="w">(OCoLC)562256423</subfield>
</datafield>
<datafield tag="880" ind1="1" ind2=" ">
<subfield code="6">100-01/</subfield>
<subfield code="a">عواد، كوركيس.</subfield>
</datafield>
<datafield tag="880" ind1="1" ind2="0">
<subfield code="6">245-02/</subfield>
<subfield code="a">فهرست المخطوطات العربية في خزانة قاسم محمد الرجب ببغداد /</subfield>
<subfield code="c">بقلم كوركيس عواد.</subfield>
</datafield>
<datafield tag="880" ind1=" " ind2=" ">
<subfield code="6">260-03/</subfield>
<subfield code="a">[بغداد] :</subfield>
<subfield code="b">مطبعة المجمع العلمي العراقي،</subfield>
<subfield code="c">1965-</subfield>
</datafield>
<datafield tag="880" ind1="1" ind2=" ">
<subfield code="6">490-04/</subfield>
<subfield code="a">مطبوعات المجمع العلمي العراقي</subfield>
</datafield>
<datafield tag="880" ind1="1" ind2=" ">
<subfield code="6">700-05/</subfield>
<subfield code="a">رجب، قاسم محمد.</subfield>
</datafield>
<datafield tag="830" ind1=" " ind2="0">
<subfield code="6">880-06</subfield>
<subfield code="a">Maṭbūʻāt al-Majmaʻ al-ʻIlmī al-ʻIrāqī.</subfield>
</datafield>
<datafield tag="880" ind1=" " ind2="0">
<subfield code="6">830-06/</subfield>
<subfield code="a">مطبوعات المجمع العلمي العراقي.</subfield>
</datafield>
<datafield tag="OWN" ind1=" " ind2=" ">
<subfield code="a">GENERAL</subfield>
</datafield>
<datafield tag="AVA" ind1=" " ind2=" ">
<subfield code="a">NYU50</subfield>
<subfield code="b">BOBST</subfield>
<subfield code="c">Main Collection</subfield>
<subfield code="d">Z6623.R27 A9</subfield>
<subfield code="e">unavailable</subfield>
<subfield code="t">Unavailable</subfield>
<subfield code="f">1</subfield>
<subfield code="g">1</subfield>
<subfield code="h">Y</subfield>
<subfield code="i">0</subfield>
<subfield code="j">MAIN</subfield>
<subfield code="k">0</subfield>
</datafield>
</record>
